@Misc{mibmicaz,
  author = 	 {CrosBow},
  title = 	 {The Crossbow Home Page},
  howpublished = {\url{http://www.xbow.com/}},
  year = 	 {2007}
}

@Misc{atmelZigbee,
  author = 	 {Atmel Corp.},
  title = 	 {The Atmel Corp. Home Page},
  howpublished = {\url{http://www.atmel.com/}},
  year = 	 {2007}
}

@InProceedings{Carlini03,
  author = 	 {Alessio Carlini and Giorgio Buttazzo},
  title = 	 {An Efficient Time Representation for Real-Time Embedded Systems},
  booktitle = {Proceedings of the ACM Symposium on Applied Computing (SAC 2003), track on Embedded Systems: Applications, Solutions, and Techniques},
  year = 	 {2003},
  address = 	 {Melbourne, Florida, USA},
  month = 	 {March},
}

@InProceedings{iris,
  author = 	 {Luca Marzario, Giuseppe Lipari, Patricia Balbastre, and Alfons Crespo},
  title = 	 {IRIS: a new reclaiming algorithm for server-based real-time systems},
  booktitle = {Proceedings of the Real-Time Application Symposium (RTAS 04)},
  year = 	 {2004},
  address = 	 {Toronto (Canada)},
  month = 	 {May},
}

@Misc{bucher,
  author = 	 {Roberto Bucher},
  title = 	 {{R}oberto {B}ucher Home Page},
  howpublished = {\url{http://web.dti.supsi.ch/~bucher/}},
  year = 	 {2005}
}

@Misc{scilab,
  author = 	 {Scilab Consortium},
  title = 	 {The {S}cilab Home Page},
  howpublished = {\url{http://www.scilab.org}},
  year = 	 {2005}
}

@Misc{scicos,
  author = 	 {Scilab Consortium},
  title = 	 {The {S}cicos Home Page},
  howpublished = {\url{http://www.scicos.org}},
  year = 	 {2005}
}

@Misc{cygwin,
  author = 	 {Cygwin},
  title = 	 {The Cygwin Project},
  howpublished = {\url{http://www.cygwin.com}},
  year = 	 {2005}
}

@Misc{Eclipse,
  author = 	 {Eclipse Consortium},
  title = 	 {The Eclipse Platform},
  howpublished = {\url{http://www.eclipse.org}},
  year = 	 {2005}
}

@Misc{Eclipse-EMF,
  author = 	 {Eclipse Consortium},
  title = 	 {The Eclipse Modeling Framework ({EMF})},
  howpublished = {\url{http://www.eclipse.org/emf}},
  year = 	 {2005}
}

@Misc{Eclipse-GEF,
  author = 	 {Eclipse Consortium},
  title = 	 {The Graphical editing Framework ({GEF})},
  howpublished = {\url{http://www.eclipse.org/gef}},
  year = 	 {2005}
}

@Misc{Eclipse-CDT,
  author = 	 {Eclipse Consortium},
  title = 	 {C/C++ Development Tools ({CDT})},
  howpublished = {\url{http://www.eclipse.org/cdt}},
  year = 	 {2005}
}

@Misc{ANT,
  author = 	 {The Apache Software Foundation},
  title = 	 {The Apache ANT Project},
  howpublished = {\url{http://ant.apache.org}},
  year = 	 {2005}
}

@Misc{OSEKOIL,
  author = 	 {{OSEK}/{VDX} Consortium},
  title = 	 {{OSEK} {OIL} Standard},
  howpublished = {\url{http://www.osek-vdx.org}},
  year = 	 {2005}
}

@Misc{Altera-multicpu-tutorial,
  author = 	 {Altera Corporation},
  title = 	 {Creating Multiprocessor Nios II Systems Tutorial},
  howpublished = {Nios II literature page, \url{http://www.altera.com/literature/lit-nio2.jsp}},
  year = 	 {2005}
}

@Misc{AUTOSAR,
  author = 	 {The {AUTOSAR} Consortium},
  title = 	 {{AUTOSAR} Initiative},
  howpublished = {\url{http://www.autosar.org}},
  year = 	 {2005}
}

@Misc{LWIP,
  author = 	 {Adam Dunkels},
  title = 	 {The lwIP TCP/IP Stack},
  howpublished = {\url{http://www.sics.se/~adam/lwip/}},
  year = 	 {2005},
}

@Misc{Evidence-multicpu-tutorial,
  author = 	 {Evidence Srl},
  title = 	 {ERIKA Enterprise Reference Manual, Chapter 2},
  howpublished = {Evidence literature page, \url{http://erika.tuxfamily.org/documentation.html}},
  year = 	 {2005}
}

@Misc{Lauterbach,
  author = 	 {Lauterbach GMBH},
  title = 	 {{T}he {L}auterbach {T}race32 {D}ebugger for {N}ios {II}},
  howpublished = {\url{http://www.lauterbach.com}},
  year = 	 {2005}
}

@Misc{MicrochipExplorer16,
  author = 	 {Arizona Microchip Inc},
  title = 	 {{T}he {E}xplorer 16 {D}evelopment {B}oard},
  howpublished = {\url{http://www.microchip.com}},
  year = 	 {2006}
}
%\url{http://www.microchip.com/stellent/idcplg?IdcService=SS_GET_PAGE&nodeId=1406&dDocName=en024858}

@Misc{dsPICDEM,
  author = 	 {Arizona Microchip Inc},
  title = 	 {{T}he ds{PICDEM} 1.1 {P}lus {D}evelopment {B}oard},
  howpublished = {\url{http://www.microchip.com}},
  year = 	 {2006}
}


@Misc{frescor,
  author = 	 {{FRESCOR} Consortium},
  title = 	 {IST {FRESCOR} {FP6/2005/IST/5-034026}},
  howpublished = {\url{http://www.frescor.org}},
  year = 	 {2005}
}

@Misc{frescor_ep7v2,
  author = 	 {{FRESCOR} Consortium},
  title = 	 {Deliverable {EP7v2} - Multiprocessor execution platforms},
  howpublished = {\url{http://www.frescor.org}},
  year = 	 {2005}
}

@Article{ghazalie95,
  author = 	 {T.M. Ghazalie, and T.P. Baker},
  title = 	 {Aperiodic Servers in a Deadline Scheduling Environment},
  journal =      {Real-Time Systems. 9(1)},
  year = 	 {2005},
  month = 	 {July},
}

@InProceedings{davis06,
  author = 	 {R.I. Davis, and A. Burns},
  title = 	 {Resource Sharing in Hierarchical Fixed Priority Pre-emptive Systems},
  booktitle =    {In proceedings IEEE Real-Time Systems Symposium (RTSS 06)},
  year = 	 {2006},
  address = 	 {Rio de Janeiro, Brazil},
  month = 	 {December},
}

